%
% bibliography
%

@article{Feldman1979,
author = {Feldman, Stuart I.},
title = {Make â€” a program for maintaining computer programs},
journal = {Software: Practice and Experience},
volume = {9},
number = {4},
publisher = {John Wiley & Sons, Ltd.},
issn = {1097-024X},
url = {http://dx.doi.org/10.1002/spe.4380090402},
doi = {10.1002/spe.4380090402},
pages = {255--265},
keywords = {Program maintenance, Program updating},
year = {1979},
}

@misc{GNUMakeManual,
title = {GNU Make},
howpublished = "\url{https://www.gnu.org/software/make/manual/make.html}"
}

@misc{chacon2011git,
  title={Git documentation},
  author={Chacon, Scott},
  year={2011}
}

@misc{GitflowWorkflow,
title = {Gitflow Workflow},
howpublished = "\url{https://www.atlassian.com/git/tutorials/comparing-workflows#gitflow-workflow}"
}

@techreport{rtemsIntro,
  title={Getting started with RTEMS},
  year={2008},
  edition={4.7.3}
  publisher={On-Line Applications Research Corporation}
}

@inproceedings{koebel2010scoc3,
  title={SCOC3: a space computer on a chip: an example of successful development of a highly integrated innovative ASIC},
  author={Koebel, Franck and Coldefy, Jean-Fran{\c{c}}ois},
  booktitle={Proceedings of the Conference on Design, Automation and Test in Europe},
  pages={1345--1348},
  year={2010},
  organization={European Design and Automation Association}
}
